@ONLINE{Doe:2009:Online,
title = {IDOS.cz},
url = {https://jizdnirady.idnes.cz/pid/spojeni/}
}